@MISC{Kobbelt00sqrt(3)-subdivision,
    author = {Leif Kobbelt},
    title = {Sqrt(3)-Subdivision},
    year = {2000}
}
